@ARTICLE{star2016compl,
  title={Комплексирование данных из разнородных источников в задачах моделирования транспортных потоков},
  author={Старожилец, Всеволод Михайлович and Чехович, Юрий Викторович},
  journal={Машинное обучение и анализ данных},
  volume={2},
  number={3},
  pages={260--275},
  year={2016},
  authorother = {true},
  authorconf = {true},
}

@ARTICLE{star2017ident,
  title={Об идентификации статистической модели транспортных потоков с использованием групп автомобильно-транспортных средств},
  author={Старожилец, Всеволод Михайлович and Чехович, Юрий Викторович},
  journal={Машинное обучение и анализ данных},
  volume={3},
  number={3},
  pages={193--202},
  year={2017},
  authorother = {true},
  authorconf = {true},
}

@ARTICLE{star2021statmod,
  title={Об одном подходе к статистическому моделированию транспортных потоков},
  author={Старожилец, Всеволод Михайлович and Чехович, Юрий Викторович},
  journal={Журнал вычислительной математики и математической физики},
  volume={61},
  number={7},
  pages={1220--1232},
  year={2021},
  authorvak = {true},
  authorconf = {true},
  authorscopus = {true},
  addendum = {(ВаК, Scopus)}
}

@ARTICLE{star2021adaptcontrol,
  title={Об одном подходе к статистическому моделированию транспортных потоков на МКАД и управлению въездами},
  author={Старожилец, Всеволод Михайлович and Чехович, Юрий Викторович},
  journal={Автоматика и телемеханика},
  number={11},
  pages={114--134},
  year={2021},
  authorvak = {true},
  authorconf = {true},
  authorscopus = {true},
  addendum = {(ВаК, Scopus)}
}
