% ГОСТ Р 7.0.11-2011, Приложение Б, Книг

%%% Реальные примеры

% Инициалы должны быть записаны после запятой, с точками, через пробел
% http://www.kit-e.ru/articles/elcomp/2006_12_124.php
% Подчёркивания в ссылке приходится экранировать
% http://www.kit-e.ru/articles/elcomp/2006\_12\_124.php
@online{medvedev2006jelektronnye,
  title={Электронные компоненты и монтажные подложки},
  author={Медведев, А. М.},
  journal={Компоненты и технологии},
  number={12},
  pages={124--134},
  year={2006},
  medium={Электронный ресурс},
  url = {http://www.kit-e.ru/articles/elcomp/2006\_12\_124.php},
  urldate = {19.01.2015},
  language = {russian}
}

@online{CODD_MKAD,
  title={Центр организации дорожного движения. Число АТС на МКАД},
  medium={Электронный ресурс},
  url = {https://rg.ru/2019/06/03/reg-cfo/stalo-izvestno-skolko-mashin-proezzhaiut-po-mkad.html},
  urldate = {28.03.2015},
  language = {russian}
}

% Real example
% & в названии журнала надо экранировать
% 10.1002/1521-4125(200007)23:7<581::AID-CEAT581>3.0.CO;2-P
% < > в ссылке приходится экранировать %3C и %3E, а потом ещё знаки процента в них экранировать
% 10.1002/1521-4125(200007)23:7%3C581::AID-CEAT581%3E3.0.CO;2-P
% 10.1002/1521-4125(200007)23:7\%3C581::AID-CEAT581\%3E3.0.CO;2-P
% url не нужен. если запись о бумажной публикации

% doi with (), author with umlaut or other unicode or specific symbols, 9 authors
% latex don't like Gösele1999161 in ref
% Умляуты в авторах понимаются из-за поддержки в юникодной странице pdflatex и xelatex
% Иллюстрация того, что будет. если на английской записи будут поставлена пометка, что язык русский

% Real example (from Google or Springer)
% unmodified styles don't know %language = {English}
% язык писать с маленьких
% иллюстрация incollection
% 10.1007/0-387-32989-7_45
% Подчёркивания в DOI приходится экранировать
% 10.1007/0-387-32989-7\_45
@incollection{bieker2015traffic,
  title={Traffic simulation for all: a real world traffic scenario from the city of Bologna},
  author={Bieker, Laura and Krajzewicz, Daniel and Morra, AntonioPio and Michelacci, Carlo and Cartolano, Fabio},
  booktitle={Modeling Mobility with Open Data},
  pages={47--60},
  year={2015},
  publisher={Springer}
}

% Real, β sign
% inputenc don't know β sign %aluminosilicate-β-quartz
% Знаки типа β, которые не знает таблица кодировки, с которой работает компилятор нужно заменять на latex команды
% doi должен быть без http://dx.doi.org/
@article{siebel2006fundamental,
  title={On the fundamental diagram of traffic flow},
  author={Siebel, Florian and Mauser, Wolfram},
  journal={SIAM Journal on Applied Mathematics},
  volume={66},
  number={4},
  pages={1150--1162},
  year={2006},
  publisher={SIAM}
}

@article{collectiveArticle,
  title={Разработка, калибровка и верификация модели движения трафика в городских условиях. Часть II},
  author={Холодов, Ярослав Александрович and Алексеенко, Андрей Евгеньевич and Холодов, Александр Сергеевич and Васильев, Михаил Олегович and Мишин, Виктор Дмитриевич},
  journal={Компьютерные исследования и моделирование},
  volume={7},
  number={6},
  pages={1205--1219},
  year={2015},
  publisher={Ижевский институт компьютерных исследований}
}

@article{dey2008simulation,
  title={Simulation of mixed traffic flow on two-lane roads},
  author={Dey, Partha Pratim and Chandra, Satish and Gangopadhyay, S},
  journal={Journal of Transportation Engineering},
  volume={134},
  number={9},
  pages={361--369},
  year={2008},
  publisher={American Society of Civil Engineers}
}

@article{guo2011dynamics,
  title={Dynamics of motorized vehicle flow under mixed traffic circumstance},
  author={Guo, Hong-Wei and Gao, Zi-You and Zhao, Xiao-Mei and Xie, Dong-Fan},
  journal={Communications in Theoretical Physics},
  volume={55},
  number={4},
  pages={719},
  year={2011},
  publisher={IOP Publishing}
}

@article{gundaliya2008heterogeneous,
  title={Heterogeneous traffic flow modelling for an arterial using grid based approach},
  author={Gundaliya, PJ and Mathew, Tom V and Dhingra, Sunder Lall},
  journal={Journal of Advanced Transportation},
  volume={42},
  number={4},
  pages={467--491},
  year={2008},
  publisher={Wiley Online Library}
}

@article{lan2005inhomogeneous,
  title={Inhomogeneous cellular automata modeling for mixed traffic with cars and motorcycles},
  author={Lan, Lawrence W and Chang, Chiung-Wen},
  journal={Journal of advanced transportation},
  volume={39},
  number={3},
  pages={323--349},
  year={2005},
  publisher={Wiley Online Library}
}

@article{oskarbski2018applying,
  title={Applying a mesoscopic transport model to analyse the effects of urban freight regulatory measures on transport emissions—an assessment},
  author={Oskarbski, Jacek and Kaszubowski, Daniel},
  journal={Sustainability},
  volume={10},
  number={7},
  pages={2515},
  year={2018},
  publisher={Multidisciplinary Digital Publishing Institute}
}

@article{tordeux2018mesoscopic,
  title={A mesoscopic model for large-scale simulation of pedestrian dynamics},
  author={Tordeux, Antoine and L{\"a}mmel, Gregor and H{\"a}nseler, Flurin S and Steffen, Bernhard},
  journal={Transportation research part C: emerging technologies},
  volume={93},
  pages={128--147},
  year={2018},
  publisher={Elsevier}
}

@article{collectiveArticle2,
  title={Разработка, калибровка и верификация модели движения трафика в городских условиях. Часть I},
  author={Алексеенко, Андрей Евгеньевич and Холодов, Ярослав Александрович and Холодов, Александр Сергеевич and Горева, Анна Игоревна and Васильев, Михаил Олегович and Чехович, Юрий Викторович and Мишин, Виктор Дмитриевич and Старожилец, Всеволод Михайлович},
  journal={Компьютерные исследования и моделирование},
  volume={7},
  number={6},
  pages={1185--1203},
  year={2015},
  publisher={Ижевский институт компьютерных исследований}
}

@article{richards1956shock,
  title={Shock waves on the highway},
  author={Richards, Paul I},
  journal={Operations research},
  volume={4},
  number={1},
  pages={42--51},
  year={1956},
  publisher={INFORMS}
}

@article{inose1983control,
  title={Управление дорожным движением},
  author={Иносэ, Х and Хамада, Т},
  journal={М.: Транспорт},
  volume={248},
  year={1983}
}

@article{gartner2002traffic,
  title={Traffic flow theory-A state-of-the-art report: revised monograph on traffic flow theory},
  author={Gartner, Nathan H and Messer, Carrol Jl and Rathi, Ajay},
  year={2002},
  publisher={Turner-Fairbank Highway Research Center}
}

@article{uisem1977linear,
  title={Линейные и нелинейные волны},
  author={Дж, Уизем},
  journal={Дж  Уизем -М : Мир},
  year={1977}
}

@article{payne1971model,
  title={Model of freeway traffic and control},
  author={Payne, Harold J},
  journal={Mathematical Model of Public System},
  pages={51--61},
  year={1971}
}

@article{daganzo1995requiem,
  title={Requiem for second-order fluid approximations of traffic flow},
  author={Daganzo, Carlos F},
  journal={Transportation Research Part B: Methodological},
  volume={29},
  number={4},
  pages={277--286},
  year={1995},
  publisher={Elsevier}
}

@article{papageorgiou1998some,
  title={Some remarks on macroscopic traffic flow modelling},
  author={Papageorgiou, Markos},
  journal={Transportation Research Part A: Policy and Practice},
  volume={32},
  number={5},
  pages={323--329},
  year={1998},
  publisher={Elsevier}
}

@article{zhang2002non,
  title={A non-equilibrium traffic model devoid of gas-like behavior},
  author={Zhang, H Michael},
  journal={Transportation Research Part B: Methodological},
  volume={36},
  number={3},
  pages={275--290},
  year={2002},
  publisher={Elsevier}
}

@article{zhang2003anisotropic,
  title={Anisotropic property revisited----does it hold in multi-lane traffic?},
  author={Zhang, HM},
  journal={Transportation Research Part B: Methodological},
  volume={37},
  number={6},
  pages={561--577},
  year={2003},
  publisher={Elsevier}
}

@article{newell1961nonlinear,
  title={Nonlinear effects in the dynamics of car following},
  author={Newell, Gordon Frank},
  journal={Operations research},
  volume={9},
  number={2},
  pages={209--229},
  year={1961},
  publisher={Informs}
}

@article{gazis1974traffic,
  title={Traffic science},
  author={Gazis, Denos C},
  year={1974}
}

@article{treiber1999explanation,
  title={Explanation of observed features of self-organization in traffic flow},
  author={Treiber, Martin and Helbing, Dirk},
  journal={arXiv preprint cond-mat/9901239},
  year={1999}
}

@article{neiman2010dj,
  title={Дж. Теория самовоспроизводящихся автоматов/Дж. Фон Нейман},
  author={Нейман, Фон},
  journal={М.: УРСС},
  year={2010}
}

@article{nagel1992cellular,
  title={A cellular automaton model for freeway traffic},
  author={Nagel, Kai and Schreckenberg, Michael},
  journal={Journal de physique I},
  volume={2},
  number={12},
  pages={2221--2229},
  year={1992},
  publisher={EDP Sciences}
}

@article{benassi1987hydrodynamical,
  title={Hydrodynamical limit for the asymmetric simple exclusion process},
  author={Benassi, Albert and Fouque, Jean-Pierre},
  journal={The Annals of Probability},
  pages={546--560},
  year={1987},
  publisher={JSTOR}
}

@article{ratrout2009comparative,
  title={A comparative analysis of currently used microscopic and macroscopic traffic simulation software},
  author={Ratrout, Nedal T and Rahman, Syed Masiur},
  journal={The Arabian Journal for Science and Engineering},
  volume={34},
  number={1B},
  pages={121--133},
  year={2009},
  publisher={Citeseer}
}

@article{boxill2000evaluation,
  title={An evaluation of traffic simulation models for supporting its},
  author={Boxill, Sharon Adams and Yu, Lei},
  journal={Houston, TX: Development Centre for Transportation Training and Research, Texas Southern University},
  year={2000}
}

@article{lovaas1994modeling,
  title={Modeling and simulation of pedestrian traffic flow},
  author={L{\o}v{\aa}s, Gunnar G},
  journal={Transportation Research Part B: Methodological},
  volume={28},
  number={6},
  pages={429--443},
  year={1994},
  publisher={Elsevier}
}

@article{treuille2006continuum,
  title={Continuum crowds},
  author={Treuille, Adrien and Cooper, Seth and Popovi{\'c}, Zoran},
  journal={ACM Transactions on Graphics (TOG)},
  volume={25},
  number={3},
  pages={1160--1168},
  year={2006},
  publisher={ACM New York, NY, USA}
}

@article{kanai2010two,
  title={Two-lane traffic-flow model with an exact steady-state solution},
  author={Kanai, Masahiro},
  journal={Physical Review E},
  volume={82},
  number={6},
  pages={066107},
  year={2010},
  publisher={APS}
}

@article{burghout2005hybrid,
  title={Hybrid mesoscopic--microscopic traffic simulation},
  author={Burghout, Wilco and Koutsopoulos, Haris N and Andreasson, Ingmar},
  journal={Transportation Research Record},
  volume={1934},
  number={1},
  pages={218--225},
  year={2005},
  publisher={SAGE Publications Sage CA: Los Angeles, CA}
}

@article{wang2011logistic,
  title={Logistic modeling of the equilibrium speed--density relationship},
  author={Wang, Haizhong and Li, Jia and Chen, Qian-Yong and Ni, Daiheng},
  journal={Transportation research part A: policy and practice},
  volume={45},
  number={6},
  pages={554--566},
  year={2011},
  publisher={Elsevier}
}

@article{edelsbrunner1983shape,
  title={On the shape of a set of points in the plane},
  author={Edelsbrunner, Herbert and Kirkpatrick, David G. and Seidel, Raimund},
  journal={Information Theory, IEEE Transactions on},
  volume={29},
  number={4},
  pages={551--559},
  year={1983},
  publisher={IEEE}
}

@article{eddy19825th,
  title={5th Symposium held at Toulouse 1982},
  author={Eddy, WF and Convex Hull Peeling, COMPSTAT},
  journal={Physica-Verlag},
  pages={42--47},
  year={1982}
}

@article{bradski2000dr,
  title={Dr. dobb’s journal of software tools},
  author={Bradski, G.},
  year={2000}
}

@article{long2000acceleration,
  title={Acceleration characteristics of starting vehicles},
  author={Long, Gary},
  journal={Transportation Research Record},
  volume={1737},
  number={1},
  pages={58--70},
  year={2000},
  publisher={SAGE Publications Sage CA: Los Angeles, CA}
}

@article{canny1986computational,
  title={A computational approach to edge detection},
  author={Canny, John},
  journal={Pattern Analysis and Machine Intelligence, IEEE Transactions on},
  number={6},
  pages={679--698},
  year={1986},
  publisher={IEEE}
}

@article{matas2000robust,
  title={Robust detection of lines using the progressive probabilistic hough transform},
  author={Matas, Jiri and Galambos, Charles and Kittler, Josef},
  journal={Computer Vision and Image Understanding},
  volume={78},
  number={1},
  pages={119--137},
  year={2000},
  publisher={Elsevier}
}

@inproceedings{alekseenko2017adaptive,
  title={Adaptive traffic light control on highway entrances},
  author={Alekseenko, Andrey and Kholodov, Yaroslav and Kholodov, Aleksander and Chekhovich, Yuri and Starozhilets, Vsevolod},
  booktitle={2017 IEEE 20th International Conference on Intelligent Transportation Systems (ITSC)},
  pages={1--6},
  year={2017},
  organization={IEEE}
}


% from urlbst package
% Example from Jason Eisner, by mail (nothing special about the entry,
% but he seemed to be having formatting problems with unsrturl and proceedings
% entries.
% http://cs.jhu.edu/~jason/papers/#icassp07
@InProceedings{asano2015traffic,
  title={Traffic simulation of Kobe-city},
  author={Asano, Yuta and Ito, Nobuyasu and Inaoka, Hajime and Imai, Tetsuo and Uchitane, Takeshi},
  booktitle={Proceedings of the international conference on social modeling and simulation, plus Econophysics Colloquium 2014},
  pages={255--264},
  year={2015},
  organization={Springer, Cham}
}

@InProceedings{LWR/lighthill1955kinematic,
  title={On kinematic waves. II. A theory of traffic flow on long crowded roads},
  author={Lighthill, Michael J. and Whitham, Gerald Beresford},
  booktitle={Proceedings of the Royal Society of London A: Mathematical, Physical and Engineering Sciences},
  volume={229},
  number={1178},
  pages={281--345},
  year={1955},
  organization={The Royal Society}
}

@inproceedings{magne2000towards,
  title={Towards an hybrid macro-micro traffic flow simulation model},
  author={Magne, Laurent and Rabut, Sylvestre and Gabard, Jean-Fran{\c{c}}ois},
  booktitle={INFORMS spring 2000 meeting},
  year={2000}
}

% Попытка записать патент имеющимися средствами
@book{gasn2017introd,
  title={Введение в математическое моделирование транспортных потоков},
  author={Гасников, А and others},
  year={2017},
  publisher={Litres}
}

@book{kerner2009introduction,
  title={Introduction to modern traffic flow theory and control},
  author={Kerner, Boris S},
  volume={700},
  year={2009},
  publisher={Springer}
}
